%مراجع خود را در این قسمت وارد کنید.
% دستوری برای کوچک کردن اندازه فونت‌ها 
%یک مثال را در زیر می‌بینید.

@article{van2008visualizing,
	title={Visualizing data using t-SNE.},
	author={Van der Maaten, Laurens and Hinton, Geoffrey},
	journal={Journal of machine learning research},
	volume={9},
	number={11},
	year={2008}
}
@article{rauber2016visualizing,
	title={Visualizing Time-Dependent Data Using Dynamic t-SNE.},
	author={Rauber, Paulo E and Falcao, Alexandre X and Telea, Alexandru C and others},
	year={2016}
}
@book{lee2007nonlinear,
	title={Nonlinear dimensionality reduction},
	author={Lee, John A and Verleysen, Michel},
	year={2007},
	publisher={Springer Science \& Business Media}
}
@inproceedings{hinton2002stochastic,
	title={Stochastic neighbor embedding},
	author={Hinton, Geoffrey and Roweis, Sam T},
	booktitle={NIPS},
	volume={15},
	pages={833--840},
	year={2002},
	organization={Citeseer}
}